@BOOK{Shankar1994,
	author = {R. Shankar},
	title = {Principles of Quantum Mechanics},
	year = {1994},
	publisher = {Plenum Press},
	edition = {Second},
	place = {New York, NJ},
	isbn = {0-306-44790-8}
}
